@inproceedings{qi2013efficient,
  title={Efficient top-k spatial distance joins},
  author={Qi, Shuyao and Bouros, Panagiotis and Mamoulis, Nikos},
  booktitle={International Symposium on Spatial and Temporal Databases},
  pages={1--18},
  year={2013},
  organization={Springer}
}
@inproceedings{he2008relational,
  title={Relational joins on graphics processors},
  author={He, Bingsheng and Yang, Ke and Fang, Rui and Lu, Mian and Govindaraju, Naga and Luo, Qiong and Sander, Pedro},
  booktitle={Proceedings of the 2008 ACM SIGMOD international conference on Management of data},
  pages={511--524},
  year={2008},
  organization={ACM}
}
@article{yampaka2012spatial,
  title={Spatial join with r-tree on graphics processing units},
  author={Yampaka, Tongjai and Chongstitvatana, Prabhas},
  journal={King Mongkutâ€™s University of Technology North Bangkok International Journal of Applied Science and Technology},
  volume={5},
  number={3},
  pages={1--7},
  year={2012}
}
@book{guttman1984r,
  title={R-trees: A dynamic index structure for spatial searching},
  author={Guttman, Antonin},
  volume={14},
  number={2},
  year={1984},
  publisher={ACM}
}
